@book{LeVeque,
    author = {LeVeque, Randall J.},
    title = {Finite Difference Methods for Ordinary and Partial Differential Equations},
    publisher = {Society for Industrial and Applied Mathematics},
    year = {2007},
}